@article{bove2009brief,
  title={{A brief overview of Agda--a functional language with dependent types}},
  author={Bove, A. and Dybjer, P. and Norell, U.},
  journal={Theorem Proving in Higher Order Logics},
  pages={73--78},
  year={2009},
  publisher={Springer}
}
@article{bove2005modelling,
  title={Modelling general recursion in type theory},
  author={Bove, A. and Capretta, V.},
  journal={Mathematical Structures in Computer Science},
  volume={15},
  number={4},
  pages={671--708},
  year={2005},
  publisher={Cambridge University Press}
}

@phdthesis{norell:thesis,
  author  = {Ulf Norell},
  title	  = {Towards a practical programming language based on dependent type
	     theory},
  school  = {Department of Computer Science and Engineering, Chalmers University of Technology},
  year	  = 2007,
  month	  = {September},
  address = {SE-412 96 G\"{o}teborg, Sweden}
}

@misc{ringsolver,
  author    = "Jedynak, Wojciech",
  year      = "2012",
  title     = "Agda ring solver using reflection",
  howpublished = "online, GitHub, \url{https://github.com/wjzz/Agda-reflection-for-semiring-solver}",
  note = "[Online; accessed 26-June-2012]"
}
@misc{xmonad-coq,
  author    = "Swierstra, Wouter",
  year      = "2012",
  title     = "Xmonad in Coq: Programming a window manager in a proof assistant",
  howpublished = "submitted to ICFP 2012, \url{http://www.staff.science.uu.nl/~swier004/Publications/XmonadInCoq.pdf}",
  note = "[Online; accessed 6-April-2012]"
}

@misc{agda-relnotes-228,
    author = {{Agda developers}},
    year = 2012,
    title = "Agda 2.2.8 release notes",
    howpublished = "The Agda Wiki: \url{http://wiki.portal.chalmers.se/agda/agda.php?n=Main.Version-2-2-8}",
    note = "[Online; accessed 6-April-2012]"
}

@book{chlipala2011certified,
  title={Certified programming with dependent types},
  author={Chlipala, A.},
  year={2011},
  publisher={MIT Press}
}

@article{allais2010proof,
  title={Proof automatization using reflection (implementations in Agda)},
  author={Allais, G.},
  howpublished={\url{http://perso.ens-lyon.fr/guillaume.allais/pdf/gallais\_m1-1.pdf}},
  year={2010}
}

@article{doyle1999bruijn,
    title={De Bruijn notation as a nested datatype},
    author={Doyle, S.A.C.},
    journal={J. Functional Programming},
    volume={9},
    number={1},
    pages={77--91},
    year={1999},
    publisher={Cambridge Univ Press}
}

@article{mcbride2005epigram,
  title={Epigram: Practical programming with dependent types},
  author={McBride, C.},
  journal={Advanced Functional Programming},
  pages={130--170},
  year={2005},
  publisher={Springer}
}


@inproceedings{gundry2010type,
  title={Type inference in context},
  author={Gundry, A. and McBride, C. and McKinna, J.},
  booktitle={Proceedings of the third ACM SIGPLAN workshop on Mathematically structured functional programming},
  pages={43--54},
  year={2010},
  organization={ACM}
}
